@Manual{R-base,
  title = {R: A Language and Environment for Statistical Computing},
  author = {{R Core Team}},
  organization = {R Foundation for Statistical Computing},
  address = {Vienna, Austria},
  year = {2018},
  url = {https://www.R-project.org/},
}
@Article{R-bootnet,
  title = {Estimating Psychological Networks and their Accuracy: A Tutorial Paper},
  author = {Sacha Epskamp and Denny Borsboom and Eiko I. Fried},
  journal = {Behavior Research Methods},
  url = {https://arxiv.org/abs/1604.08462},
  year = {2017},
}
@Manual{R-Cairo,
  title = {Cairo: R Graphics Device using Cairo Graphics Library for Creating
High-Quality Bitmap (PNG, JPEG, TIFF), Vector (PDF, SVG,
PostScript) and Display (X11 and Win32) Output},
  author = {Simon Urbanek and Jeffrey Horner},
  year = {2019},
  note = {R package version 1.5-10},
  url = {https://CRAN.R-project.org/package=Cairo},
}
@Manual{R-corrr,
  title = {corrr: Correlations in R},
  author = {Edgar Ruiz and Simon Jackson and Jorge Cimentada},
  year = {2019},
  note = {R package version 0.4.0},
  url = {https://CRAN.R-project.org/package=corrr},
}
@Manual{R-dplyr,
  title = {dplyr: A Grammar of Data Manipulation},
  author = {Hadley Wickham and Romain François and Lionel Henry and Kirill Müller},
  year = {2019},
  note = {R package version 0.8.3},
  url = {https://CRAN.R-project.org/package=dplyr},
}
@Manual{R-forcats,
  title = {forcats: Tools for Working with Categorical Variables (Factors)},
  author = {Hadley Wickham},
  year = {2019},
  note = {R package version 0.4.0},
  url = {https://CRAN.R-project.org/package=forcats},
}
@Manual{R-foreign,
  title = {foreign: Read Data Stored by 'Minitab', 'S', 'SAS', 'SPSS', 'Stata',
'Systat', 'Weka', 'dBase', ...},
  author = {{R Core Team}},
  year = {2018},
  note = {R package version 0.8-71},
  url = {https://CRAN.R-project.org/package=foreign},
}
@Book{R-ggplot2,
  author = {Hadley Wickham},
  title = {ggplot2: Elegant Graphics for Data Analysis},
  publisher = {Springer-Verlag New York},
  year = {2016},
  isbn = {978-3-319-24277-4},
  url = {https://ggplot2.tidyverse.org},
}
@Manual{R-gridExtra,
  title = {gridExtra: Miscellaneous Functions for "Grid" Graphics},
  author = {Baptiste Auguie},
  year = {2017},
  note = {R package version 2.3},
  url = {https://CRAN.R-project.org/package=gridExtra},
}
@Article{R-mgm,
  title = {mgm: Structure Estimation for Time-Varying Mixed Graphical Models in high-dimensional Data},
  author = {Jonas M. B. Haslbeck and Lourens J. Waldorp},
  journal = {arXiv preprint:1510.06871v2},
  year = {2016},
  url = {http://arxiv.org/abs/1510.06871v2},
}
@Article{R-NetworkComparisonTest,
  title = {Comparing network structures on three aspects: A permutation test},
  author = {Claudia D. {van Borkulo} and Lynn Boschloo and Jolanda J. Kossakowski and Pia Tio and Robert A. Schoevers and Denny Borsboom and Lourens J. Waldorp},
  journal = {Journal of Statistical Software},
  year = {2017},
  doi = {10.13140/RG.2.2.29455.38569},
}
@Manual{R-papaja,
  author = {Frederik Aust and Marius Barth},
  title = {{papaja}: {Create} {APA} manuscripts with {R Markdown}},
  year = {2018},
  note = {R package version 0.1.0.9842},
  url = {https://github.com/crsh/papaja},
}
@Manual{R-psych,
  title = {psych: Procedures for Psychological, Psychometric, and Personality Research},
  author = {William Revelle},
  organization = { Northwestern University},
  address = { Evanston, Illinois},
  year = {2018},
  note = {R package version 1.8.12},
  url = {https://CRAN.R-project.org/package=psych},
}
@Manual{R-purrr,
  title = {purrr: Functional Programming Tools},
  author = {Lionel Henry and Hadley Wickham},
  year = {2019},
  note = {R package version 0.3.2},
  url = {https://CRAN.R-project.org/package=purrr},
}
@Article{R-qgraph,
  title = {{qgraph}: Network Visualizations of Relationships in Psychometric Data},
  author = {Sacha Epskamp and Ang\'elique O. J. Cramer and Lourens J. Waldorp and Verena D. Schmittmann and Denny Borsboom},
  journal = {Journal of Statistical Software},
  year = {2012},
  volume = {48},
  number = {4},
  pages = {1--18},
  url = {http://www.jstatsoft.org/v48/i04/},
}
@Manual{R-RColorBrewer,
  title = {RColorBrewer: ColorBrewer Palettes},
  author = {Erich Neuwirth},
  year = {2014},
  note = {R package version 1.1-2},
  url = {https://CRAN.R-project.org/package=RColorBrewer},
}
@Manual{R-readr,
  title = {readr: Read Rectangular Text Data},
  author = {Hadley Wickham and Jim Hester and Romain Francois},
  year = {2018},
  note = {R package version 1.3.1},
  url = {https://CRAN.R-project.org/package=readr},
}
@Manual{R-scales,
  title = {scales: Scale Functions for Visualization},
  author = {Hadley Wickham},
  year = {2018},
  note = {R package version 1.0.0},
  url = {https://CRAN.R-project.org/package=scales},
}
@Misc{R-splithalf,
  title = {splithalf; robust estimates of split half reliability},
  author = {Sam Parsons},
  url = {https://doi.org/10.6084/m9.figshare.5559175.v5},
  year = {2019},
}
@Manual{R-stringr,
  title = {stringr: Simple, Consistent Wrappers for Common String Operations},
  author = {Hadley Wickham},
  year = {2019},
  note = {R package version 1.4.0},
  url = {https://CRAN.R-project.org/package=stringr},
}
@Manual{R-tibble,
  title = {tibble: Simple Data Frames},
  author = {Kirill Müller and Hadley Wickham},
  year = {2019},
  note = {R package version 2.1.3},
  url = {https://CRAN.R-project.org/package=tibble},
}
@Manual{R-tidyr,
  title = {tidyr: Easily Tidy Data with 'spread()' and 'gather()' Functions},
  author = {Hadley Wickham and Lionel Henry},
  year = {2019},
  note = {R package version 0.8.3},
  url = {https://CRAN.R-project.org/package=tidyr},
}
@Manual{R-tidyverse,
  title = {tidyverse: Easily Install and Load the 'Tidyverse'},
  author = {Hadley Wickham},
  year = {2017},
  note = {R package version 1.2.1},
  url = {https://CRAN.R-project.org/package=tidyverse},
}
