@Manual{R-base,
  title = {R: A Language and Environment for Statistical Computing},
  author = {{R Core Team}},
  organization = {R Foundation for Statistical Computing},
  address = {Vienna, Austria},
  year = {2018},
  url = {https://www.R-project.org/},
}
@Manual{R-bindrcpp,
  title = {bindrcpp: An 'Rcpp' Interface to Active Bindings},
  author = {Kirill Müller},
  year = {2018},
  note = {R package version 0.2.2},
  url = {https://CRAN.R-project.org/package=bindrcpp},
}
@Article{R-bootnet,
  title = {Estimating Psychological Networks and their Accuracy: A Tutorial Paper},
  author = {Sacha Epskamp and Denny Borsboom and Eiko I. Fried},
  journal = {Behavior Research Methods},
  url = {https://arxiv.org/abs/1604.08462},
  year = {2017},
}
@Manual{R-dplyr,
  title = {dplyr: A Grammar of Data Manipulation},
  author = {Hadley Wickham and Romain François and Lionel Henry and Kirill Müller},
  year = {2018},
  note = {R package version 0.7.8},
  url = {https://CRAN.R-project.org/package=dplyr},
}
@Manual{R-forcats,
  title = {forcats: Tools for Working with Categorical Variables (Factors)},
  author = {Hadley Wickham},
  year = {2018},
  note = {R package version 0.3.0},
  url = {https://CRAN.R-project.org/package=forcats},
}
@Manual{R-foreign,
  title = {foreign: Read Data Stored by 'Minitab', 'S', 'SAS', 'SPSS', 'Stata',
'Systat', 'Weka', 'dBase', ...},
  author = {{R Core Team}},
  year = {2018},
  note = {R package version 0.8-71},
  url = {https://CRAN.R-project.org/package=foreign},
}
@Book{R-ggplot2,
  author = {Hadley Wickham},
  title = {ggplot2: Elegant Graphics for Data Analysis},
  publisher = {Springer-Verlag New York},
  year = {2016},
  isbn = {978-3-319-24277-4},
  url = {http://ggplot2.org},
}
@Article{R-mgm,
  title = {mgm: Structure Estimation for Time-Varying Mixed Graphical Models in high-dimensional Data},
  author = {Jonas M. B. Haslbeck and Lourens J. Waldorp},
  journal = {arXiv preprint:1510.06871v2},
  year = {2016},
  url = {http://arxiv.org/abs/1510.06871v2},
}
@Manual{R-papaja,
  author = {Frederik Aust and Marius Barth},
  title = {{papaja}: {Create} {APA} manuscripts with {R Markdown}},
  year = {2018},
  note = {R package version 0.1.0.9842},
  url = {https://github.com/crsh/papaja},
}
@Manual{R-purrr,
  title = {purrr: Functional Programming Tools},
  author = {Lionel Henry and Hadley Wickham},
  year = {2019},
  note = {R package version 0.3.0},
  url = {https://CRAN.R-project.org/package=purrr},
}
@Article{R-qgraph,
  title = {{qgraph}: Network Visualizations of Relationships in Psychometric Data},
  author = {Sacha Epskamp and Ang\'elique O. J. Cramer and Lourens J. Waldorp and Verena D. Schmittmann and Denny Borsboom},
  journal = {Journal of Statistical Software},
  year = {2012},
  volume = {48},
  number = {4},
  pages = {1--18},
  url = {http://www.jstatsoft.org/v48/i04/},
}
@Manual{R-readr,
  title = {readr: Read Rectangular Text Data},
  author = {Hadley Wickham and Jim Hester and Romain Francois},
  year = {2018},
  note = {R package version 1.3.1},
  url = {https://CRAN.R-project.org/package=readr},
}
@Manual{R-stringr,
  title = {stringr: Simple, Consistent Wrappers for Common String Operations},
  author = {Hadley Wickham},
  year = {2018},
  note = {R package version 1.3.1},
  url = {https://CRAN.R-project.org/package=stringr},
}
@Manual{R-tibble,
  title = {tibble: Simple Data Frames},
  author = {Kirill Müller and Hadley Wickham},
  year = {2019},
  note = {R package version 2.0.1},
  url = {https://CRAN.R-project.org/package=tibble},
}
@Manual{R-tidyr,
  title = {tidyr: Easily Tidy Data with 'spread()' and 'gather()' Functions},
  author = {Hadley Wickham and Lionel Henry},
  year = {2018},
  note = {R package version 0.8.2},
  url = {https://CRAN.R-project.org/package=tidyr},
}
@Manual{R-tidyverse,
  title = {tidyverse: Easily Install and Load the 'Tidyverse'},
  author = {Hadley Wickham},
  year = {2017},
  note = {R package version 1.2.1},
  url = {https://CRAN.R-project.org/package=tidyverse},
}
@Manual{R-NetworkComparisonTest,
  title = {NetworkComparisonTest: Statistical Comparison of Two Networks Based on Three Invariance
Measures},
  author = {Claudia D. {van Borkulo} and with contributions from Sacha Epskamp and Alex Millner},
  year = {2016},
  note = {R package version 2.0.1},
  url = {https://CRAN.R-project.org/package=NetworkComparisonTest},
}
@Manual{R-Cairo,
  title = {Cairo: R Graphics Device using Cairo Graphics Library for Creating
High-Quality Bitmap (PNG, JPEG, TIFF), Vector (PDF, SVG,
PostScript) and Display (X11 and Win32) Output},
  author = {Simon Urbanek and Jeffrey Horner},
  year = {2019},
  note = {R package version 1.5-10},
  url = {https://CRAN.R-project.org/package=Cairo},
}
@Manual{R-corrr,
  title = {corrr: Correlations in R},
  author = {Edgar Ruiz and Simon Jackson and Jorge Cimentada},
  year = {2019},
  note = {R package version 0.4.0},
  url = {https://CRAN.R-project.org/package=corrr},
}
@Manual{R-gridExtra,
  title = {gridExtra: Miscellaneous Functions for "Grid" Graphics},
  author = {Baptiste Auguie},
  year = {2017},
  note = {R package version 2.3},
  url = {https://CRAN.R-project.org/package=gridExtra},
}
@Manual{R-psych,
  title = {psych: Procedures for Psychological, Psychometric, and Personality Research},
  author = {William Revelle},
  organization = { Northwestern University},
  address = { Evanston, Illinois},
  year = {2018},
  note = {R package version 1.8.12},
  url = {https://CRAN.R-project.org/package=psych},
}
@Manual{R-RColorBrewer,
  title = {RColorBrewer: ColorBrewer Palettes},
  author = {Erich Neuwirth},
  year = {2014},
  note = {R package version 1.1-2},
  url = {https://CRAN.R-project.org/package=RColorBrewer},
}
@Manual{R-scales,
  title = {scales: Scale Functions for Visualization},
  author = {Hadley Wickham},
  year = {2018},
  note = {R package version 1.0.0},
  url = {https://CRAN.R-project.org/package=scales},
}
@Misc{R-splithalf,
  title = {splithalf; Calculate Task Split Half Reliability Estimates},
  author = {Sam Parsons},
  url = {https://doi.org/10.6084/m9.figshare.5559175.v2},
  year = {2017},
}
@Manual{R-koRpus,
  title = {koRpus: An R Package for Text Analysis},
  author = {Meik Michalke},
  year = {2018},
  note = {(Version 0.11-5)},
  url = {https://reaktanz.de/?c=hacking&s=koRpus},
}
@Manual{R-koRpus.lang.en,
  title = {koRpus.lang.en: Language Support for 'koRpus' Package: English},
  author = {Meik Michalke},
  year = {2019},
  note = {(Version 0.1-3)},
  url = {https://reaktanz.de/?c=hacking&s=koRpus},
}
@Manual{R-sylly,
  title = {sylly: Hyphenation and Syllable Counting for Text Analysis},
  author = {Meik Michalke},
  year = {2018},
  note = {(Version 0.1-5)},
  url = {https://reaktanz.de/?c=hacking&s=sylly},
}
@Manual{R-wordcountaddin,
  title = {wordcountaddin: Word counts and readability statistics in R markdown documents},
  author = {Ben Marwick},
  year = {2019},
  note = {R package version 0.3.0.9000},
}
@Manual{R-shiny,
  title = {shiny: Web Application Framework for R},
  author = {Winston Chang and Joe Cheng and JJ Allaire and Yihui Xie and Jonathan McPherson},
  year = {2019},
  note = {R package version 1.4.0},
  url = {https://CRAN.R-project.org/package=shiny},
}
@Article{R-igraph,
  title = {The igraph software package for complex network research},
  author = {Gabor Csardi and Tamas Nepusz},
  journal = {InterJournal},
  volume = {Complex Systems},
  pages = {1695},
  year = {2006},
  url = {http://igraph.org},
}
